<record><leader>00000cas a22000007a 4500</leader><controlfield tag="001">41965225</controlfield><controlfield tag="008">990727d19301934sduwr ne      0    0eng d</controlfield><datafield ind1=" " ind2=" " tag="010"><subfield code="a">sn 99067982 </subfield></datafield><datafield ind1=" " ind2=" " tag="040"><subfield code="a">SXN</subfield><subfield code="b">eng</subfield><subfield code="c">SXN</subfield><subfield code="d">OCLCF</subfield><subfield code="d">OCLCO</subfield></datafield><datafield ind1=" " ind2=" " tag="042"><subfield code="a">msc</subfield></datafield><datafield ind1=" " ind2=" " tag="043"><subfield code="a">n-us-sd</subfield></datafield><datafield ind1="0" ind2="0" tag="245"><subfield code="a">Wessington Springs Republican and the Lane pioneer news.</subfield></datafield><datafield ind1="3" ind2="0" tag="246"><subfield code="a">Wessington Springs Republican</subfield></datafield><datafield ind1=" " ind2=" " tag="260"><subfield code="a">Wessington Springs, S.D. :</subfield><subfield code="b">Lloyd P. Tamblyn,</subfield><subfield code="c">1930-1934.</subfield></datafield><datafield ind1=" " ind2=" " tag="300"><subfield code="a">v.</subfield></datafield><datafield ind1=" " ind2=" " tag="310"><subfield code="a">Weekly</subfield></datafield><datafield ind1="0" ind2=" " tag="362"><subfield code="a">Vol. 45, no. 15 (Mar. 6, 1930)-v. 50, no. 3 (Dec. 6, 1934).</subfield></datafield><datafield ind1=" " ind2=" " tag="530"><subfield code="a">Available on microfilm from: State Archives, South Dakota State Historical Society.</subfield></datafield><datafield ind1=" " ind2=" " tag="580"><subfield code="a">Formed by the union of: Wessington Springs Republican (Wessington Springs, S.D. : 1915), and: Lane pioneer-news.</subfield></datafield><datafield ind1=" " ind2="0" tag="651"><subfield code="a">Wessington Springs (S.D.)</subfield><subfield code="v">Newspapers.</subfield></datafield><datafield ind1=" " ind2="0" tag="651"><subfield code="a">Jerauld County (S.D.)</subfield><subfield code="v">Newspapers.</subfield></datafield><datafield ind1=" " ind2="7" tag="655"><subfield code="a">Newspapers.</subfield><subfield code="2">fast</subfield><subfield code="0">(OCoLC)fst01423814</subfield></datafield><datafield ind1=" " ind2="7" tag="651"><subfield code="a">South Dakota</subfield><subfield code="z">Jerauld County.</subfield><subfield code="2">fast</subfield><subfield code="0">(OCoLC)fst01215891</subfield></datafield><datafield ind1=" " ind2="7" tag="651"><subfield code="a">South Dakota</subfield><subfield code="z">Wessington Springs.</subfield><subfield code="2">fast</subfield><subfield code="0">(OCoLC)fst01306802</subfield></datafield><datafield ind1=" " ind2=" " tag="752"><subfield code="a">United States</subfield><subfield code="b">South Dakota</subfield><subfield code="c">Jerauld</subfield><subfield code="d">Wessington Springs.</subfield></datafield><datafield ind1="1" ind2="4" tag="780"><subfield code="t">Wessington Springs Republican (Wessington Springs, S.D. : 1915)</subfield><subfield code="w">(DLC)sn 99067992</subfield></datafield><datafield ind1="1" ind2="4" tag="780"><subfield code="t">Lane pioneer-news</subfield></datafield><datafield ind1="0" ind2="0" tag="785"><subfield code="t">Wessington Springs Republican (Wessington Springs, S.D. : 1934)</subfield><subfield code="w">(DLC)sn 99067993</subfield></datafield></record>